@article{RevelsLubinPapamarkou2016,
    title = {Forward-Mode Automatic Differentiation in {J}ulia},
   author = {{Revels}, J. and {Lubin}, M. and {Papamarkou}, T.},
  journal = {arXiv:1607.07892 [cs.MS]},
     year = {2016},
      url = {https://arxiv.org/abs/1607.07892}
}
@misc{yang2021fastad,
      title={FastAD: Expression Template-Based C++ Library for Fast and Memory-Efficient Automatic Differentiation}, 
      author={James Yang},
      year={2021},
      eprint={2102.03681},
      archivePrefix={arXiv},
      primaryClass={cs.MS}
}
@book{griewank,
	title= {Evaluating Derivatives: Principles and Techniques of 
			Algorithmic Differentiation},
	author={Andreas Griewank and Andrea Walther},
	year={2008},
	publisher={Society for Industrial and Applied Mathematics},
	isbn= {9780898716597}
}
@misc{carpenter2015stan,
      title={The Stan Math Library: Reverse-Mode Automatic Differentiation in C++}, 
      author={Bob Carpenter and Matthew D. Hoffman and Marcus Brubaker and Daniel Lee and Peter Li and Michael Betancourt},
      year={2015},
      eprint={1509.07164},
      archivePrefix={arXiv},
      primaryClass={cs.MS}
}
@book{kochenderfer,	
	  title = {Algorithms For Optimization},
	  author={Kochenderfer and Wheeler}, 
	  year={2019},
	  isbn={9780262364775}
	  }
@misc{baydin2018automatic,
      title={Automatic differentiation in machine learning: a survey}, 
      author={Atilim Gunes Baydin and Barak A. Pearlmutter and Alexey Andreyevich Radul and Jeffrey Mark Siskind},
      year={2018},
      eprint={1502.05767},
      archivePrefix={arXiv},
      primaryClass={cs.SC}
}
@article{Fluxjl-2018,
  author    = {Michael Innes and
               Elliot Saba and
               Keno Fischer and
               Dhairya Gandhi and
               Marco Concetto Rudilosso and
               Neethu Mariya Joy and
               Tejan Karmali and
               Avik Pal and
               Viral Shah},
  title     = {Fashionable Modelling with Flux},
  journal   = {CoRR},
  volume    = {abs/1811.01457},
  year      = {2018},
  url       = {https://arxiv.org/abs/1811.01457},
  archivePrefix = {arXiv},
  eprint    = {1811.01457},
  %timestamp = {Thu, 22 Nov 2018 17:58:30 +0100},
  %biburl    = {https://dblp.org/rec/bib/journals/corr/abs-1811-01457},
  %bibsource = {dblp computer science bibliography, https://dblp.org}
}
@article{innes:2018,
  author    = {Mike Innes},
  title     = {Flux: Elegant Machine Learning with Julia},
  journal   = {Journal of Open Source Software},
  year      = {2018},
  doi       = {10.21105/joss.00602},
}

@article{adol:c,
author = {Walther, Andrea},
year = {2009},
month = {01},
pages = {},
title = {Getting started with ADOL-C},
isbn = {978-1-4398-2735-2},
journal = {Combinatorial Scientific Computing},
doi = {10.1201/b11644-8}
}

@misc{abadi2016tensorflow,
      title={TensorFlow: Large-Scale Machine Learning on Heterogeneous Distributed Systems}, 
      author={Mart√≠n Abadi and Ashish Agarwal and Paul Barham and Eugene Brevdo and Zhifeng Chen and Craig Citro and Greg S. Corrado and Andy Davis and Jeffrey Dean and Matthieu Devin and Sanjay Ghemawat and Ian Goodfellow and Andrew Harp and Geoffrey Irving and Michael Isard and Yangqing Jia and Rafal Jozefowicz and Lukasz Kaiser and Manjunath Kudlur and Josh Levenberg and Dan Mane and Rajat Monga and Sherry Moore and Derek Murray and Chris Olah and Mike Schuster and Jonathon Shlens and Benoit Steiner and Ilya Sutskever and Kunal Talwar and Paul Tucker and Vincent Vanhoucke and Vijay Vasudevan and Fernanda Viegas and Oriol Vinyals and Pete Warden and Martin Wattenberg and Martin Wicke and Yuan Yu and Xiaoqiang Zheng},
      year={2016},
      eprint={1603.04467},
      archivePrefix={arXiv},
      primaryClass={cs.DC}
}
@book{Goodfellow-et-al-2016,
    title={Deep Learning},
    author={Ian Goodfellow and Yoshua Bengio and Aaron Courville},
    publisher={MIT Press},
    note={\url{http://www.deeplearningbook.org}},
    year={2016}
}

@book{farin,
   title =     {Curves and surfaces for CAGD: A practical guide},
   author =    {Gerald Farin},
   publisher = {Morgan Kaufmann},
   isbn =      {0080503543},
   year =      {2001},
   series =    {The Morgan Kaufmann Series in Computer Graphics},
   edition =   {5},
   volume =    {},
}
@article{Goldman1985IllicitEI,
  title={Illicit expressions in vector algebra},
  author={Ron Goldman},
  journal={ACM Trans. Graph.},
  year={1985},
  volume={4},
  pages={223-243}
}

@book{pbrt,
   title={Physically Based Rendering: From Theory to Implementation},
   author={Matt Pharr, Greg Humphreys, Wenzel Jakob},
   publisher={Morgan Kaufmann Publishers},
   isbn={0128006455},
   year={2016},
   series={3rd},
   volume={},
}

@book{Haines2019,
  title = {Ray Tracing Gems},
  editor = {Eric Haines and Tomas Akenine-M\"oller},
  publisher = {Apress},
  year = {2019},
  note ={\url{http://raytracinggems.com}},
}
@article{BlinnPhong,
  acmid = {563893},
  added-at = {2015-12-06T14:45:52.000+0100},
  address = {New York, NY, USA},
  author = {Blinn, James F.},
  description = {Models of light reflection for computer synthesized pictures},
  doi = {10.1145/965141.563893},
  issn = {0097-8930},
  issue_date = {Summer 1977},
  journal = {SIGGRAPH Comput. Graph.},
  number = 2,
  numpages = {7},
  pages = {192--198},
  publisher = {ACM},
  timestamp = {2016-04-29T15:23:13.000+0200},
  title = {Models of Light Reflection for Computer Synthesized Pictures},
  volume = 11,
  year = 1977
}
@article{Phong1975IlluminationFC,
  title={Illumination for computer generated pictures},
  author={Bui Tuong Phong},
  journal={Communications of the ACM},
  year={1975},
  volume={18},
  pages={311 - 317}
}